@misc{BDD,
  title = {{BDD}},
  note = {on-line at: \\ \url{?}}
}
